@online{ReactHooks,
  author = {Meta Platforms, Inc.},
  title = {React Hooks Introduction},
  url = {https://it.reactjs.org/docs/hooks-intro.html},
},
@online{JavaScriptDef,
  author = {Mozilla Foundation},
  title = {JavaScript Introduction},
  url = {https://developer.mozilla.org/en-US/docs/Web/JavaScript?retiredLocale=it},
},
@online{JavaDef,
  author = {Oracle Corporation},
  title = {Java Introduction},
  url = {https://docs.oracle.com/javase/specs/jls/se18/html/jls-1.html},
},
@online{CSSDef,
  author = {World Wide Web Consortium},
  title = {CSS Snapshot},
  url = {https://www.w3.org/TR/CSS/},
},
@online{HTMLDef,
title = {HTML - Wikipedia},
url = {https://it.wikipedia.org/wiki/HTML}
},
@online{ReactHistory,
title = {React - Wikipedia},
url = {https://it.wikipedia.org/wiki/React_(web_framework)}
},
@online{SpringHistory,
title = {Spring - Wikipedia},
url = {https://it.wikipedia.org/wiki/Spring_Framework}
},
@online{DependencyInjection,
title = {Dependency Injection},
url = {https://www.baeldung.com/spring-dependency-injection}
},
@online{SpringData,
title = {Spring Data overview},
url = {https://spring.io/projects/spring-data}
},
@online{SpringCloud,
title = {Spring Cloud overview},
url = {https://spring.io/projects/spring-cloud}
},
@online{SpringSecurity,
title = {Spring Security overview},
url = {https://spring.io/projects/spring-security}
},
@online{ReduxHistory,
title = {Redux - Wikipedia},
url = {https://en.wikipedia.org/wiki/Redux_(JavaScript_library)}
},
@online{GitHistory,
title = {Git - Wikipedia},
url = {https://en.wikipedia.org/wiki/Git}
},
@online{DockerHistory,
title = {Docker - Wikipedia},
url = {https://it.wikipedia.org/wiki/Docker}
},
@online{AgileManifesto,
title = {Agile Manifesto PDF download},
url = {https://www.agilealliance.org/agile101/the-agile-manifesto/}
},
@online{ScrumAtlassian,
title = {Che cos'è Scrum},
url = {https://www.atlassian.com/it/agile/scrum}
},
@online{DevOpsWiki,
title = {DevOps - Wikipedia},
url = {https://it.wikipedia.org/wiki/DevOps}
},
@online{MicroserviceAmazon,
title = {Cosa sono i microservizi?},
url = {https://aws.amazon.com/it/microservices/}
},
@online{Containers,
title = {What is a docker container?},
url = {https://www.docker.com/resources/what-container/}
},
@online{APIRest,
title={Cos'è un API Rest?},
url={https://www.redhat.com/it/topics/api/what-is-a-rest-api}
},
@online{ScrumGuide,
title = {Scrum Guides},
url={https://scrumguides.org/}
},
@online{ScrumDef,
title={What is Scrum?},
url={https://www.scrum.org/resources/what-is-scrum}
},
@online{unifiCasiDUso,
title={Use case diagrams and templates in the specification of functional requirements},
url={https://stlab.dinfo.unifi.it/vicario/Teaching/SW_Engineering/UseCaseDiagsAndTemplates18.pdf}
},
@online{CrittografiaAsimmetricaWiki,
title = {Crittografia asimmetrica - Wikipedia},
url = {https://it.wikipedia.org/wiki/Crittografia_asimmetrica}
},
@online{FirmaDigitale,
title = {Firma digitale - Wikipedia},
url = {https://it.wikipedia.org/wiki/Firma_digitale},
},
@online{AzureCloudPatterns,
title = {Coreography pattern},
url = {https://docs.microsoft.com/en-us/azure/architecture/patterns/choreography}
},
@online{VirtualBoxGuideLines,
title = {End-user documentation},
url = {https://www.virtualbox.org/wiki/End-user_documentation}
},
@online{VirtualBox,
title = {Welcome to VirtualBox.org!},
url = {https://www.virtualbox.org/},
},
@online{SarcasticArticle,
title = {How to Not Be the Engineer Running 3.5GB Docker Images},
url = {https://www.getambassador.io/resources/not-engineer-running-3-5gb-docker-images/}
},
@online{Fielding2000,
title = {CHAPTER 5, Representational State Transfer (REST) - Fielding Dissertation},
url = {https://www.ics.uci.edu/~fielding/pubs/dissertation/rest_arch_style.htm},
},
@online{RESTWikipedia,
title = {Representational state transfer},
url = {https://it.wikipedia.org/wiki/Representational_state_transfer}
},
@online{CompilazioneWiki,
title = {Compilatore - Wikipedia},
url = {https://it.wikipedia.org/wiki/Compilatore}
},
@online{InterpretazioneWiki,
title = {Interprete (informatica) - Wikipedia},
url = {https://it.wikipedia.org/wiki/Interprete_(informatica)}
},
@online{SassDef,
title = {Sass: syntactically awesome style sheets},
url = {https://sass-lang.com/}
},
@online{StyledComponentsDef,
title = {styled-components: Documentation},
url = {https://styled-components.com/docs}
},
@online{JSXDocs,
title = {Introduzione a JSX - React},
url = {https://it.reactjs.org/docs/introducing-jsx.html}
},
@online{PostmanWiki,
title = {Postman (software) - Wikipedia},
url = {https://en.wikipedia.org/wiki/Postman_(software)}
},
@online{IntellijWiki,
title = {IntelliJ IDEA - Wikipedia},
url = {https://it.wikipedia.org/wiki/IntelliJ_IDEA}
},
@online{ArsTechnicaDiffieHellman,
title = {Op-ed: (How) did they break Diffie-Hellman?},
url = {https://arstechnica.com/information-technology/2015/11/op-ed-how-did-they-break-diffie-hellman/}
},
@online{GeneratorWiki,
title = {Generatore (teoria dei numeri)},
url = {https://it.wikipedia.org/wiki/Generatore_(teoria_dei_numeri)}
},
@online{DiffieHellmanWiki,
title = {Scambio di chiavi Diffie-Hellman},
url = {https://it.wikipedia.org/wiki/Scambio_di_chiavi_Diffie-Hellman}
},
@online{AdminLTE,
title = {AdminLTE Bootstrap Admin Dashboard Template},
url = {https://adminlte.io/}
},
@online{WDFUsage,
title = {Most used web frameworks among developers worldwide, as of 2021},
url = {https://www.statista.com/statistics/1124699/worldwide-developer-survey-most-used-frameworks-web/}
},
@online{SplunkDef,
title = {Splunk: cos'è, perché serve alle aziende},
url = {https://news.beta80group.it/splunk-cose-perche-serve-alle-aziende}
},
@online{TerraformDef,
title = {Cos'è Terraform?},
url = {https://www.ibm.com/it-it/cloud/learn/terraform}
},
@online{IEEESE,
title = {50 years of Software: How It Began, Where It's Going },
url = {https://www.computer.org/publications/tech-news/trends/50-years-of-software}
},
@online{SoftwareEngineersNumbers,
title = {How Many Software Developers Are in the US and the World? [Updated]},
url = {https://www.daxx.com/blog/development-trends/number-software-developers-world}
},
@online{SoftwareMarketShare,
title = {Business Software And Services Market Size, Share & Trends Analysis Report By Software, By Service, By Deployment, By Enterprise Size, By End Use, By Region, And Segment Forecasts, 2022 - 2030},
url = {https://www.grandviewresearch.com/industry-analysis/business-software-services-market}
},
@online{ProsConsMicroservices,
title = {Microservices vs Monolith: which architecture is the best choice for your business?},
url = {https://www.n-ix.com/microservices-vs-monolith-which-architecture-best-choice-your-business/}
},
@online{MartinFowlerDotCom,
title = {MicroservicePremium},
url = {https://www.martinfowler.com/bliki/MicroservicePremium.html}
},
@online{ECMAinternational,
title = {ECMA International},
url = {https://it.wikipedia.org/wiki/ECMA_International}
},
@online{ECMAScript6,
title = {Javascript ES6},
url = {https://www.w3schools.com/js/js_es6.asp}
},
@online{DockerHubUsage,
title = {Docker Index: Dramatic Growth in Docker Usage Affirms the Continued Rising Power of Developers},
url = {https://www.docker.com/blog/docker-index-dramatic-growth-in-docker-usage-affirms-the-continued-rising-power-of-developers/}
},
@online{PromiseDefinition,
title = {Javascript Promise: cosa sono e come usarle},
url = {https://www.mrw.it/javascript/javascript-promise-cosa-come-usarle_12941.html}
},
@online{MavenDef,
title = {Apache Maven - Wikipedia},
url = {https://it.wikipedia.org/wiki/Apache_Maven}
},
@online{GradleDef,
title = {Gradle - Wikipedia},
url = {https://it.wikipedia.org/wiki/Gradle}
},
@book{Larman2016,
  title     = "Applicare UML e i pattern, analisi e progettazione orientata agili oggetti",
  author    = "Larman, Craig",
  year      = 2016,
  publisher = "Pearson",
}
@book{Anderson2008,
    title = "Security engineering, a guide to building dependable distributed systems",
    author = "Anderson, Ross",
    year = 2008,
    publisher = "Wiley"
}